@MISC{Exp.A-2020,
	author = {{Unknown}, E.},
    howpublished = {University of Kent Moodle 2020},
    month = {September},
    note = {PH617 Physics Laboratory},
    year = {2012},
    title = {Exp.A Nuclear Magnetic Resonance},
}

@misc{Britain,
    author    = {Merrill I. Skolnik},
    title     = {History Of Radar},
    howpublished = {https://www.britannica.com/technology/radar/Advances-during-World-War-II},
}

@misc{RadarImage1,
    author    = {Asem Salah},
    title     = {RCS analysis on different targets and bistatic angles using LTE frequency},
    howpublished = {https://www.researchgate.net/figure/Radar-Systems-a-Monostatic-Radar-b-Bistatic-Radar-fig1-308854891},
}

@misc{Lecture1,
    author    = {Dr. J. Urquhart},
    title     = {Pre Reading for Lecture 1},
    howpublished = {https://moodle.kent.ac.uk/2020/pluginfile.php/383958/mod\_resource/content/0/Pre-lecture20reading-1.pdf},
}

@misc{Ency,
    author    = {Larry Gilman},
    title     = {Stealth Technology},
    howpublished = {https://www.encyclopedia.com/science/encyclopedias-almanacs-transcripts-and-maps/stealth-technology},
}

@book{RemoteSensing,
    author    = "W. G. Rees",
    title     = "Physical Principles of Remote Sensing",
    year      = "2015",
    publisher = "Cambridge University Press",
    howpublished = "ISBN: 9780521181167",
}

@misc{Doppler,
    author    = {Christian Wolff},
    title     = {Doppler Effect},
    howpublished = {https://www.radartutorial.eu/11.coherent/co06.en.html},
}

@misc{F117,
    author    = {Robert Curley},
    title     = {F-117},
    howpublished = {https://www.britannica.com/technology/F-117},
}

@misc{B-2,
    author    = {Unknown},
    title     = {B-2},
    howpublished = {https://en.wikipedia.org/wiki/Northrop_Grumman_B-2_Spirit},
}